/Users/phoscheit/Dropbox/TeX/library.bib